4740 5626
530 582 544 613 .
926 555 1092 580 --·-
1151 507 1437 599 52.---

344 723 475 803 abivit.
541 723 763 797 Soanas-rs.
797 714 1090 789 Observationes
1128 713 1328 789 botanicae
1367 714 1411 788 in
1438 715 1591 791 errrr
1628 718 1783 816 Species
1822 724 1943 816 plant
1981 750 2028 798 ex

345 879 514 955 editione
543 875 827 951 Wrmnnnonr
853 889 936 965 pag.
958 883 1017 958 34.
1680 968 1684 975 Ι

513 1031 611 1100 cum
641 1017 875 1114 antiquiores
897 1036 983 1091 tum
1014 1020 1243 1134 recentiores
1277 1016 1435 1115 quidam
1457 1022 1658 1119 scriptores
1684 1022 1825 1096 hancce
1859 1027 2027 1121 speciem

344 1208 434 1260 cum
458 1184 517 1252 Pr.
540 1174 639 1248 veris
665 1188 703 1244 et
731 1168 887 1256 elatiori-
906 1138 1237 1269 conjungendam,
1269 1152 1388 1249 unam
1414 1161 1646 1272 genuinam,
1678 1176 1841 1272 reliquas
1868 1179 2027 1254 varieta-

345 1355 399 1412 tes
425 1328 703 1405 existimarunt.
757 1324 951 1398 seriorum
975 1336 1195 1419 temporum
1218 1324 1452 1421 experientia
1480 1344 1518 1399 et
1541 1325 1825 1403 observationes
1839 1351 1907 1424 per
1927 1332 2028 1403 mul·

298 1456 306 1469 l
343 1511 406 1566 tos
433 1493 555 1559 anuos
581 1476 793 1561 institutae,
819 1474 1409 1572 quarumnam-tantummodo
1433 1482 1548 1555 Dom.
1567 1484 1816 1554 Sennnrnsrr
1842 1481 2026 1568 enarrari,

344 1655 472 1740 aperte
497 1633 782 1705 demonstrant:
821 1649 956 1699 omnes
983 1641 1058 1699 tres
1084 1643 1128 1698 ut
1152 1627 1296 1724 species
1320 1628 1498 1757 propriae
1515 1653 1595 1702 esse
1611 1628 1838 1721 salutandas.
1890 1633 2027 1705 Diver-

344 1815 407 1869 sae
426 1784 505 1860 loci
521 1777 786 1863 conditiones,
815 1764 954 1872 quibus
974 1781 1147 1873 plantam
1160 1777 1331 1855 videram
1348 1796 1386 1853 et
1403 1785 1545 1857 cultam
1560 1799 1598 1853 et
1612 1797 1862 1878 spontaneam
1877 1781 2027 1856 firmam

343 1941 463 2015 trium
489 1932 702 2029 specierum
731 1921 1007 2016 differentiam,
1043 1929 1141 2001 mihi
1163 1898 1318 2029 quoque
1346 1906 1623 2028 persuaserunt.
1687 1937 2022 2032 Wruunnuovrns

344 2092 460 2176 adeo,
483 2106 670 2169 errorem,
698 2077 742 2150 in
771 2101 840 2153 aua
867 2071 1077 2176 specierum
1102 2050 1320 2176 plantarum
1355 2082 1527 2156 editione
1555 2053 1832 2167 commissum*
1861 2084 1929 2154 ubi
1954 2107 2028 2155 no·

344 2262 462 2320 atram
487 2238 659 2334 plantam
684 2237 743 2305 Pr.
768 2227 936 2302 elatioris
956 2228 1179 2305 varietatem
1199 2230 1371 2317 dixerat·
1386 2231 1429 2302 in
1454 2232 1727 2305 recentioribus
1743 2230 1894 2328 scriptis
1909 2256 2027 2331 agno·

344 2397 413 2471 vit.
481 2356 633 2464 sedeo
665 2379 818 2481 gravius
850 2377 993 2452 recenti
1020 2394 1173 2452 auctore
1208 2375 1518 2468 offendebamur,
1568 2384 1636 2479 qui
1668 2405 1804 2457 omnes
1835 2399 1910 2457 tres
1941 2410 2025 2461 non

347 2551 476 2624 solum
508 2534 712 2614 coniunxit
720 2561 732 2620 3
778 2529 846 2605 sed
879 2527 1024 2605 nimiae
1063 2530 1274 2611 nominum
1308 2532 1441 2631 copiae
1473 2528 1687 2606 communes
1716 2533 1839 2616 adhuc
1876 2561 2026 2619 novum

345 2695 503 2776 addidit.
554 2697 613 2766 Pr.
642 2682 783 2761 assulis
805 2682 996 2759 rarissima
1021 2683 1157 2763 existit
1171 2686 1354 2762 varietas:
1381 2686 1551 2761 umbella
1568 2683 1733 2757 breviter
1749 2686 2024 2779 pedunculatas

346 2880 432 2934 cum
458 2871 550 2923 vero
578 2840 693 2916 eriam
719 2841 761 2912 P.
789 2833 923 2907 elatior
950 2833 1145 2911 interdum
1174 2863 1288 2934 scapo
1320 2837 1411 2913 satis
1437 2832 1546 2911 brevi
1576 2834 1758 2931 gaudeam
1803 2839 2023 2914 verosimile

344 2980 528 3084 videturt
556 2999 656 3069 hanc
681 2987 731 3062 ob
761 3009 913 3062 causam
938 3002 1140 3090 utramque
1156 2989 1334 3082 speciem
1360 3004 1439 3060 tam
1465 3007 1576 3080 saepe
1601 2983 1720 3057 fuisse
1746 3006 2023 3096 commutatust

345 3169 406 3237 Pr.
444 3149 604 3234 sedulis,
640 3139 711 3217 etsi
735 3138 837 3232 apud
862 3134 1048 3231 quosdam
1074 3152 1247 3209 auctores
1273 3136 1441 3236 rorigeris
1457 3158 1602 3221 nomen
1616 3128 1864 3236 nuncupansa
1894 3132 2024 3216 tamen

344 3321 404 3389 Pr.
414 3306 520 3383 ¹veris
537 3317 577 3373 at
601 3291 761 3369 elatiore
778 3286 904 3363 multo
926 3282 1057 3361 miuus
1084 3281 1302 3383 frequenter
1327 3285 1523 3385 reperitur.
1552 3291 1603 3359 Et
1620 3311 1840 3387 spontanea,
1860 3310 1897 3364 et
1922 3296 2023 3366 culta

348 3485 480 3539 mense
506 3443 725 3552 praecocior
751 3454 808 3512 est
834 3436 1006 3527 elatiori,
1042 3463 1139 3536 quae
1173 3439 1300 3515 denuo
1337 3440 1429 3518 duas
1469 3439 1697 3539 septimanas
1718 3445 1956 3544 priusquam
1980 3450 2021 3541 Ρ.

347 3612 449 3690 reris
475 3608 585 3681 dores
613 3591 804 3695 cxptndii·
