4740 5626
893 506 1402 564 mle-

315 691 432 764 nibus
467 708 559 759 usus
592 699 667 769 est3
714 679 902 755 seriorum
932 696 1148 778 temporum
1179 680 1381 777 scriptores
1414 702 1543 752 earum
1576 683 1817 760 mentionem
1844 687 1993 768 faciant

315 843 387 918 sub
433 835 678 910 nominibus:
739 830 1035 922 Erythrozorus,
1076 833 1444 927 Brachysiphonios,
1488 835 1675 924 Paralysis
1706 854 1744 909 ct
1767 845 1988 937 Paralytica,

315 989 533 1074 Arthritica,
567 984 808 1067 verbascum,
836 981 1011 1054 Sanicula
1028 985 1166 1080 alpina,
1182 984 1362 1055 Auricule
1389 981 1467 1054 ursi
1491 999 1579 1056 etc.-
1614 989 1748 1073 Labor,
1767 992 1838 1062 etsi
1862 997 1992 1072 minus

316 1140 516 1243 lubricus,
533 1136 642 1209 valde
669 1153 797 1208 tamen
821 1136 1126 1248 esaetssingratus,
1154 1161 1260 1208 nunc
1284 1135 1406 1208 varias
1434 1159 1522 1204 cum
1556 1133 1824 1214 diversissimis
1851 1148 1993 1239 plantis

319 1305 567 1366 commutatas
599 1286 934 1362 denominationes
961 1286 1231 1381 conquirendi,
1254 1273 1408 1383 easque,
1437 1285 1574 1378 majori
1601 1287 1792 1369 minorive
1820 1296 1994 1389 probabi.

316 1443 424 1514 litate
457 1437 630 1535 singulae
659 1438 776 1510 et'ab
811 1436 907 1532 ipsis
944 1437 1162 1509 auctoribus
1202 1462 1337 1532 parum
1371 1437 1546 1536 cognitae
1587 1441 1738 1534 plantae
1779 1447 1993 1523 associandi

321 1592 504 1667 studium.
555 1589 614 1665 Ab
642 1605 760 1661 aet-ate
787 1588 843 1663 rei
870 1587 1082 1675 herbariae,
1114 1606 1167 1659 'ut
1188 1588 1242 1660 ita
1270 1589 1413 1676 dicam,
1444 1610 1708 1687 praeparante,
1737 1596 1823 1684 ubi,
1850 1603 1990 1698 absque

319 1761 499 1817 notarum
532 1739 918 1813 characteristicarum
939 1739 1182 1836 cognitione,
1216 1742 1369 1839 plantae
1404 1738 1616 1814 secundum
1643 1747 1920 1826 remotissimas
1953 1773 1994 1828 et

321 1912 367 1967 nt
392 1893 604 1991 plurimum
629 1891 792 1965 incertas
817 1889 1092 1967 similitudines
1118 1892 1161 1965 in
1189 1891 1368 1995 ordinem
1394 1888 1684 1993 redigebantur,
1712 1897 1758 1968 ab
1785 1901 1908 1994 hacce,
1934 1908 1996 1992 in,

321 2069 446 2147 quam,
474 2059 594 2118 aetate
624 2040 825 2138 explicatio
853 2043 910 2115 rei
936 2041 1127 2115 herbariae
1152 2067 1234 2116 non
1261 2042 1426 2140 amplius
1454 2041 1526 2113 erit
1556 2049 1815 2138 exspectanda.
1875 2060 1996 2142 Suum

321 2212 523 2277 consecuta
550 2193 690 2280 finem,
727 2218 797 2268 auo
836 2217 990 2295 quoque
1016 2190 1105 2281 jure
1144 2210 1240 2289 agat.
1316 2191 1460 2282 Maiori
1489 2191 1701 2269 attentione
1732 2196 1870 2294 dignae
1903 2223 1999 2289 sunt

321 2336 647 2419 commutationes
672 2342 805 2421 seriori
834 2359 952 2417 aetate
977 2342 1080 2434 justo
1107 2339 1257 2436 saepius
1279 2364 1358 2414 -nos
1385 2338 1644 2430 offendentes,
1672 2369 1788 2441 quae,
1817 2354 1922 2446 quod
1948 2358 1997 2439 ad

322 2515 500 2570 nostrum
530 2519 650 2594 genus
687 2494 843 2582 attinet,
884 2493 928 2566 iu
959 2492 1071 2571 allata
1106 2516 1333 2594 summaque
1365 2515 1456 2568 cum
1479 2493 1671 2569 industria
1698 2500 1856 2576 collecta
1882 2528 1995 2601 tyno.

323 2647 456 2753 aymie
480 2648 733 2749 corriguntur.

391 2839 396 2845 ·
488 2805 629 2877 Nostra
660 2822 752 2874 vero
780 2800 871 2871 baec
897 2789 1149 2904 ἐαρότροφα,
1176 2794 1318 2893 quippe
1338 2793 1501 2892 primam
1520 2816 1585 2886 et,
1613 2804 1901 2898 utplurimum,
1931 2811 2000 2885 du-

324 2948 429 3024 biam
459 2952 579 3027 adhuc
613 2977 660 3024 ex
684 2950 844 3023 hiberno
875 2964 1048 3042 tempore
1074 2961 1301 3039 reportatam
1336 2948 1537 3022 victoriam
1571 2950 1832 3048 designantia,
1869 2960 1998 3044 etiam,

325 3100 545 3197 ubicunque
572 3117 728 3171 naturae
753 3099 857 3196 rigor
884 3095 1094 3171 vincendus
1119 3110 1216 3182 erat,
1241 3098 1492 3193 reperiuntur.
1547 3105 1594 3171 In
1616 3103 1869 3194 Grbnlandia,
1896 3117 1997 3185 Una·
2024 3171 2029 3182 .

324 3250 476 3335 laschlta
511 3276 592 3325 non
627 3248 776 3334 minus,
821 3271 935 3345 quam
970 3246 1019 3318 ad
1051 3244 1196 3321 fretum
1229 3250 1530 3348 Magallenicum
1570 3224 1722 3345 plantae
1761 3256 1874 3348 hujus
1908 3259 2001 3334 belli
2118 3256 2120 3263 '

328 3401 495 3499 generis,
528 3402 571 3475 in
604 3399 798 3473 Americae
825 3398 985 3475 borealis
1014 3400 1219 3497 paludibus
1247 3421 1285 3477 ct
1318 3400 1361 3474 in
1390 3400 1476 3476 altis
1501 3401 1612 3474 Asiae
1636 3404 1737 3503 jugis
1763 3408 2000 3507 progignun.

328 3568 420 3624 tur.·
453 3560 504 3627 Iu·
520 3558 671 3649 Europa
696 3576 717 3624 a
742 3549 903 3646 planitie
926 3542 1071 3626 littoris
1099 3555 1240 3629 marini
1268 3554 1316 3630 ad
1345 3572 1490 3648 septem
1515 3554 1638 3627 millia
1663 3559 1807 3652 pedum
1835 3577 1873 3630 et
1906 3587 2009 3651 sem„

331 3705 471 3804 piterni
499 3706 602 3780 nivis
635 3702 843 3780 terminum
876 3700 919 3775 in
955 3703 1102 3794 alpibus
1129 3704 1376 3784 adscendunt.
1429 3692 1569 3773 Contra
1596 3704 1723 3778 Africa
1748 3733 1823 3781 una
1851 3728 2031 3831 tantum'

333 3857 457 3951 specie
481 3856 639 3952 gaudet,
666 3851 833 3945 Primula
859 3867 988 3923 nostra
1015 3851 1134 3939 reris,
1166 3876 1281 3951 quam
1304 3847 1570 3922 mediterranei
1596 3850 1710 3922 maris
1733 3854 1871 3933 fluctus
1897 3866 2004 3942 illius
2036 3928 2040 3935 .

333 4003 410 4076 oris
435 4003 678 4088 advexerunt,
730 4002 834 4075 Alias
863 4001 1004 4097 specics
1026 4003 1086 4073 illi
1116 4021 1298 4076 terrarum
1320 3998 1418 4098 parti
1434 4000 1604 4097 proprias
1622 4025 1701 4074 non
1720 4006 1860 4098 minus,
1889 4040 2005 4112 quam

333 4178 455 4226 zonae
485 4156 646 4229 torridae
672 4153 843 4252 proprias
870 4153 1043 4251 cognitas
1069 4155 1263 4228 habemus.
1316 4154 1447 4226 beatas
1472 4171 1621 4227 aeterna
1645 4153 1797 4230 victrici
1824 4161 1892 4235 illo
1922 4192 2005 4242 non

336 4305 470 4410 egebat
494 4305 747 4407 vegetationis
773 4319 940 4400 tropaeo.
1011 4305 1195 4383 Perennis
1220 4304 1329 4378 radix
1353 4331 1442 4385 cum
1468 4305 1695 4407 tegumentis
1725 4309 1803 4382 auis
1833 4337 1874 4383 ea
1900 4342 2015 4410 prae,

337 4456 469 4528 sertim
499 4456 659 4528 vallium
687 4457 770 4528 loca
805 4472 923 4541 emat,
963 4454 1031 4525 ubi
1061 4456 1309 4556 scaturigines
1342 4454 1519 4529 vividum
1546 4475 1583 4528 et
1609 4457 1741 4530 oculos
1770 4461 2003 4544 allicientem

341 4610 512 4680 colorem
536 4605 699 4679 viridem
724 4606 850 4702 primo
870 4630 956 4679 rere
970 4624 1191 4702 provocant.
1244 4613 1291 4691 In
1312 4607 1430 4699 sylvia
1449 4608 1639 4681 Primulae
1663 4609 1798 4703 aprica,
1826 4636 1999 4692 muscosa

338 4759 422 4833 loca
452 4775 638 4854 quaerunt
663 4774 777 4856 atque
801 4756 969 4848 munita,
996 4758 1064 4833 ubi
1089 4758 1137 4834 ab
1162 4757 1300 4837 hiemis
1335 4759 1535 4855 asperitate
1572 4758 1688 4836 denae
1712 4759 1899 4844 foliorum
1925 4787 2005 4873 reg.
