4740 5626
864 484 1376 579 arm-55...-

335 753 344 767 .
431 696 606 787 vtanls,
642 716 757 796 quam
784 693 946 792 alpinis,
984 695 1100 794 longe
1123 715 1235 789 supra
1258 689 1469 764 terminum
1494 691 1629 788 abietis
1666 694 1729 767 vel
1753 719 1875 797 usque
1907 699 1957 774 ad

399 891 403 901 ·
440 890 443 895 -
485 856 590 927 θοοῦ
615 803 805 947 pe'drpar.
831 839 979 921 altitud.
1006 850 1119 942 supra
1145 867 1248 917 mare
1274 843 1501 932 ascendens,
1555 852 1597 932 ll.
1651 847 1702 942 (v.
1722 847 1775 946 v.)

439 1047 564 1154 Radix
603 1018 828 1145 cylindrica,
872 1032 1121 1130 descendens,
1178 995 1687 1150 tulierculoso·genieulata,
1737 1048 1842 1124 fibris
1880 1048 1954 1122 fili-

265 1192 976 1301 ·f0rmihus,··1ongiasculir,·albidis.
1037 1193 1143 1270 Folia
1175 1219 1307 1269 versus
1335 1197 1507 1271 medium
1540 1194 1744 1286 contracta,
1772 1202 1949 1298 oblonga,

275 1346 319 1421 in
346 1347 534 1447 petiolum
563 1354 723 1450 planum
750 1366 961 1457 attenuata,
996 1371 1152 1448 rugosa,
1182 1345 1433 1442 inaequaliter
1460 1347 1630 1440 dentata,
1665 1352 1847 1446 utrinque
1874 1348 1952 1420 hir·

276 1519 373 1577 suta.
426 1502 537 1602 scapi
560 1506 689 1599 plures
710 1500 818 1577 foliis
846 1500 965 1596 duplo
991 1484 1197 1601 longiores,
1228 1497 1360 1585 erecti,
1398 1498 1549 1591 villosi,
1576 1501 1709 1576 striati.
1776 1499 1951 1576 Umbella

275 1624 504 1729 multiiloia:
520 1636 534 1652 '¹
555 1621 713 1727 floribus
755 1648 1007 1726 exterioribus
1045 1648 1274 1723 nutantibus
1307 1636 1445 1723 mediis
1485 1652 1627 1728 erectis.
1703 1654 1952 1730 Involucrtun

273 1806 544 1900 polyphyllum
584 1824 778 1901 parvunrz
832 1800 979 1877 foliolis
1020 1794 1206 1875 subulatis
1246 1798 1520 1896 inaequalibus.
1582 1801 1765 1878 Pedicelli
1805 1802 1949 1879 villosi.

276 1956 395 2048 calyx
427 1955 600 2053 oblongo
617 1994 632 2012 ·
652 1921 978 2050 campanruatus,
1002 1969 1112 2025 acute
1142 1950 1512 2049 quinquangulum,
1557 1936 1653 2026 tubo
1680 1952 1749 2027 vi'x
1785 1952 1950 2033 dimidio

275 2100 453 2182 berviorz
523 2101 676 2178 laciniis
715 2100 977 2191 brevissimis,
1030 2100 1274 2179 acutissimis.
1348 2105 1500 2176 Corolla
1541 2102 1730 2195 inodora,
1781 2106 1947 2205 pallide·

274 2255 497 2350 sulphurea:
559 2253 682 2326 limbo
722 2257 861 2352 planos
926 2250 1079 2327 laciniis
1096 2252 1100 2258 ’
1120 2251 1354 2341 obsordatis,
1403 2242 1658 2354 emarginatis.

437 2453 635 2558 Variatin
657 2453 783 2565 ‘hortis
810 2457 912 2562 culta
935 2452 1093 2529 floribus
1117 2452 1233 2542 albis,
1266 2454 1392 2530 rubris
1413 2472 1452 2528 et
1475 2453 1686 2554 variegatis.

438 2654 563 2725 Haece
589 2669 743 2746 quoque
767 2667 860 2724 nota
884 2653 1014 2724 nostri
1040 2675 1062 2724 a
1088 2657 1147 2724 Pr.
1174 2650 1274 2724 veris
1301 2650 1460 2738 secedit,
1487 2669 1532 2724 ut
1554 2656 1627 2748 (Pr.
1655 2648 1757 2728 veris
1783 2654 1827 2729 in
1853 2658 1950 2760 “llis

183 2906 188 2911 ⁵
273 2806 345 2879 bus
378 2823 514 2900 parum
547 2800 660 2906 editis
696 2821 735 2875 et
762 2811 821 2877 Pr.
848 2800 971 2878 ecauli
1003 2825 1152 2896 semper
1176 2799 1220 2872 in
1244 2802 1411 2877 vallibus
1436 2802 1700 2898 reperiundis)
1728 2802 1946 2901 frequenter

273 2957 317 3028 in
334 2923 483 3051 alpibus
499 2946 721 3026 elatioribus
730 2936 839 3026 'ultra'
852 2943 987 3029 abietis
999 2939 1214 3028 ⁸terminum
1231 2936 1416 3026 aseendat
1469 2931 1528 3024 Pr.
1553 2936 1941 3046 cal-ycanths'llrrzrr

272 3105 431 3180 varietas
457 3081 602 3177 etsltura
628 3119 710 3175 orta
736 3121 775 3176 et
803 3111 860 3177 Pr.
889 3107 1099 3179 Columnae
1130 3103 1259 3176 denuo
1285 3104 1344 3176 nil
1368 3101 1448 3175 nisi
1473 3101 1633 3176 varietas
1664 3127 1685 3176 a
1711 3106 1799 3178 loco
1825 3082 1946 3181 natali

272 3245 458 3354 producta
479 3252 719 3329 luxuriosam
741 3256 872 3329 Italiae
894 3254 1178 3355 vegetationem
1200 3252 1342 3351 prodit.
1396 3249 1521 3326 Tertia
1550 3236 1759 3328 memorata
1781 3248 1949 3334 verietad

274 3429 321 3480 ex
345 3404 499 3503 Austris
519 3404 713 3506 originem
735 3406 853 3479 duxit
898 3406 1005 3479 Aliae
1030 3405 1075 3478 in
1099 3405 1214 3478 variis
1238 3404 1348 3478 libris
1376 3403 1582 3498 descriptae
1611 3407 1806 3479 varietates
1831 3410 1944 3484 levis·

273 3558 409 3648 simae,
443 3576 526 3632 non
550 3550 818 3646 attendendae,
854 3555 936 3630 loci
959 3553 1097 3631 natalis
1125 3555 1362 3651 conditione,
1375 3551 1534 3654 aliisque
1561 3553 1672 3630 rebus
1698 3554 1942 3656 degeneratae
2055 3609 2061 3624 .

271 3729 364 3786 suut
387 3729 426 3787 et
451 3709 626 3811 quotidle
649 3710 770 3790 adhuc
796 3695 983 3786 onuutur
