4740 5626
931 512 1438 633 .....57........

349 732 562 825 spontanea
586 718 769 822 quoque,
812 727 961 821 qualem
990 724 1034 795 in
1071 723 1268 795 montibus
1300 744 1419 817 prope
1445 727 1628 809 Bassam,
1666 714 1747 795 'etsi
1776 725 2018 815 rarissimam,

349 875 445 978 legi,
478 877 631 950 corollis
659 858 864 961 coccineis,
913 876 1041 970 quales
1071 880 1128 945 Pr.
1158 871 1292 944 elatior
1317 873 1400 944 sols
1425 875 1571 946 cultura
1597 874 1854 961 nanciscitur,
1885 893 2019 948 ornata

348 1048 415 1104 est.
467 1029 598 1102 Tubus
628 1031 789 1100 corollae
815 1031 1038 1122 plerumque
1071 1023 1239 1108 medius,
1283 1024 1402 1098 rarius
1430 1032 1560 1098 versus
1596 1023 1745 1096 faucem
1781 1027 2019 1099 ventricosus

349 1171 517 1276 apparet,
554 1179 657 1275 quod
693 1186 805 1263 vero,
851 1173 966 1248 sicuti
995 1171 1203 1244 staminum
1230 1189 1266 1242 et
1292 1174 1431 1268 pistilli
1465 1176 1670 1273 longitudo
1694 1200 1895 1273 nunquam
1931 1161 2022 1246 con'·

350 1346 472 1414 stans;
516 1330 637 1403 immo
672 1329 716 1400 in
747 1351 824 1399 una
857 1325 1064 1421 eademque
1095 1325 1261 1395 umbella
1303 1323 1453 1399 varians
1492 1327 1664 1398 occurrit.
1724 1334 1856 1424 Itaque
1890 1328 2018 1399 ambas

348 1505 500 1578 qnoque
526 1481 680 1577 species,
709 1473 1063 1573 quasWnnnnus*)
1091 1476 1160 1549 sub
1189 1481 1247 1549 Pr.
1274 1475 1377 1550 veris
1404 1478 1565 1551 latentes
1590 1480 1807 1552 observasse
1833 1495 2017 1564 autumat,

347 1632 461 1724 plane
490 1629 640 1724 easdem
662 1643 768 1723 puto.

511 1787 626 1854 Dom.
664 1780 877 1851 Fniiocnus
914 1781 1001 1868 Du,
1044 1803 1212 1876 quocum
1238 1777 1539 1854 familiaritatem
1573 1781 1754 1855 intimam
1786 1779 2022 1854 contraxisse

346 1930 457 2003 valde
495 1932 633 2016 lactor,
680 1927 834 1998 iconem
861 1953 969 2001 suam
992 1931 1039 2002 ad
1064 1932 1274 2028 specimina
1316 1931 1358 2002 in
1383 1931 1504 2002 Gallia
1532 1933 1776 2005 meridionali
1807 1930 1907 2002 culta
1937 1945 2022 1999 eta

345 2089 460 2155 Dom.
476 2088 690 2156 Pannnrno
706 2080 882 2147 Corunna
899 2078 1104 2172 Hispaniae
1123 2081 1211 2171 (ubi
1225 2077 1358 2150 rustici
1373 2082 1544 2174 plantam
1556 2098 1727 2154 nostram
1750 2077 2020 2174 „Capriciosa“

345 2236 502 2324 vocant)
532 2198 657 2312 relata,
683 2222 959 2298 conficiendam
987 2229 1143 2300 curavit.
1189 2238 1270 2326 Qua
1297 2226 1453 2320 quidem
1476 2229 1588 2302 icone
1614 2231 1656 2303 in
1679 2254 1804 2325 opere,
1829 2192 1935 2323 quod
1962 2249 2022 2298 res

345 2385 536 2455 naturales
571 2381 613 2450 in
647 2379 873 2450 universum
896 2377 1121 2463 continens,
1158 2379 1273 2472 pretii
1310 2401 1421 2450 causa
1452 2402 1472 2448 a
1502 2380 1636 2452 multis
1668 2381 1797 2455 forsan
1831 2374 2025 2448 botanicis

349 2532 609 2618 desideratur,
639 2528 811 2623 deposita
827 2554 839 2610 ς
879 2526 952 2599 hoc
980 2529 1072 2599 loco
1100 2527 1274 2600 iteratam
1302 2529 1348 2603 ad
1386 2528 1596 2626 specimina
1621 2550 1760 2629 sponte
1788 2557 1808 2607 a
1834 2554 1897 2604 me
1924 2530 2025 2602 lecta

347 2704 589 2779 nequaquam
616 2675 709 2747 duxi
736 2674 1133 2769 supervacaneam**).

435 2866 467 2951 *)
489 2868 577 2928 Conl.
600 2867 728 2926 Wassm
751 2872 783 2923 et
805 2881 925 2922 uonntt
947 2862 1011 2924 iter
1031 2864 1188 2924 suecicum
1209 2884 1243 2947 p.
1266 2862 1308 2943 95
1331 2875 1363 2926 et
1385 2865 1442 2946 96.

421 3002 470 3085 ‚**)
492 3001 733 3062 Observationes
757 2997 905 3077 quaedam
928 2999 1025 3056 serius
1048 2998 1209 3057 institutae
1231 2999 1440 3078 suspicionem
1461 2995 1620 3062 excitant:
1650 3000 1691 3062 Pr
1722 2998 1926 3084 Hirggeanam
1949 3000 2022 3064 {orl

513 3124 567 3165 san
590 3121 648 3182 pro
673 3101 723 3163 Pr.
747 3099 886 3160 elatioris
908 3100 1059 3159 varietate
1081 3120 1148 3160 esse
1170 3102 1390 3161 assumendam.
1434 3102 1580 3162 Rornrus
1602 3106 1636 3165 in
1658 3106 1815 3168 catalectis
1838 3112 1903 3169 auis
1926 3112 2023 3169 bots·

513 3201 594 3266 nicis
615 3226 646 3284 p.
659 3205 713 3266 28.
737 3211 767 3260 et
786 3203 820 3260 in
837 3202 968 3260 Uarann
993 3203 1155 3260 annalibus
1177 3205 1332 3262 botanicis
1355 3203 1446 3269 Tom.
1463 3205 1486 3267 l.
1508 3225 1628 3286 persa.
1647 3228 1676 3286 p.
1694 3226 1763 3286 129·
1785 3211 1881 3270 haece
1896 3222 2022 3276 narra&

514 3304 672 3368 Primulae
701 3303 786 3362 reris
817 3303 1000 3362 varietatem
1031 3305 1201 3366 notabilem
1226 3283 1393 3364 observavi
1418 3308 1451 3364 in
1475 3309 1615 3386 pomario
1638 3293 1769 3388 quodam
1795 3302 1937 3375 [lulensi.
1968 3313 2021 3373 cui

512 3412 589 3472 folia
613 3407 802 3480 tenuissima,
826 3416 961 3478 orenata,
983 3405 1201 3474 snbuudulata,
1225 3426 1345 3484 rugosa,
1367 3408 1449 3466 laete
1470 3410 1600 3483 viridia,
1623 3414 1731 3472 subtus
1755 3416 1865 3474 albida.
1903 3418 2022 3493 Srapus

514 3509 719 3591 semipedalis,
742 3526 875 3586 superne
897 3505 1066 3587 praecipue
1089 3514 1292 3565 tomentosus.
1313 3505 1418 3567 flores
1438 3510 1471 3567 iu
1495 3512 1660 3569 umbellam
1684 3515 1858 3591 simplicem
1879 3518 2022 3594 plerum·

487 3635 575 3698 que
596 3612 784 3684 octolloram,
808 3609 872 3667 bsai
892 3609 1057 3668 bracteolis
1080 3608 1249 3668 linearibus
1271 3611 1420 3669 brevibus
1444 3610 1683 3670 inivolucratam
1706 3614 1859 3693 dispositi.
1894 3617 2021 3676 Pedan-

516 3719 580 3780 culi
602 3715 777 3786 filisormes,
805 3711 992 3781 tomentosi.
1021 3713 1241 3790 subaequaies,
1264 3713 1439 3792 simplices,
1473 3712 1610 3770 uuillori.
1663 3712 1763 3796 Calya·
1783 3718 2021 3799 perrrapltyllus:

516 3819 635 3885 foliolis
658 3814 982 3899 os'atoslanceolstis,
1013 3814 1211 3884 tomenlosis,
1236 3815 1302 3873 tubi
1329 3803 1464 3875 corollae
1486 3814 1693 3893 longitudine.
1737 3817 1879 3880 Corollae
1903 3824 2019 3882 limbus

512 3941 614 4002 nsque
636 3919 674 3978 ad
696 3919 816 3977 faucem
838 3913 1127 3996 quinquepartitus,
1150 3936 1343 3995 purpureus:
1368 3917 1489 3974 laciniis
1511 3917 1645 3990 obtusis,
1669 3922 1882 3997 entarginatis‚
1905 3927 2019 3985 obcur-

515 4026 606 4087 datis.
629 4054 669 4068 -
707 4019 796 4077 Dom.
819 4014 979 4078 Manantes
1001 4037 1123 4098 qnoque
1148 4018 1180 4074 in
1203 4038 1259 4076 suo
1281 4019 1380 4082 libro:
1416 4017 1572 4077 Nouvelle
1595 4017 1687 4078 Flore
1706 4020 1884 4083 Parisiorum
1914 4047 1942 4106 p.
1968 4027 2019 4102 75.

517 4124 680 4191 varietatis
711 4120 761 4182 Pr.
773 4119 913 4177 elatioris
936 4122 1124 4179 mentionem
1147 4119 1223 4178 fecit
1245 4139 1372 4198 eamque
1395 4120 1441 4179 ita
1461 4121 1621 4180 distinxit:
1656 4122 1734 4199 liges
1757 4124 1795 4183 de
1816 4126 1924 4186 moitie'
1947 4130 2019 4206 plus

516 4231 639 4311 petites,
660 4229 787 4306 portant
808 4221 908 4277 4-8
931 4221 1040 4300 ileum,
1066 4222 1161 4282 colice
1184 4223 1276 4282 breite
1299 4223 1359 4281 tris
1379 4217 1615 4306 profondcment
1637 4246 1674 4282 err
1695 4236 1716 4295 5
1739 4224 1840 4303 deust,
1871 4230 2019 4292 litteaires

515 4333 630 4410 signes.
753 4332 755 4339 '
1891 4338 1895 4345 “

604 4429 721 4489 Similis
743 4428 913 4488 anomaliae
936 4447 1035 4508 pauca
1057 4427 1200 4506 exempla
1221 4437 1253 4487 et
1274 4426 1360 4487 inter
1380 4426 1528 4506 primulss
1550 4427 1643 4510 plane
1656 4427 1746 4489 nulla
1763 4439 1895 4493 entant.
1930 4432 2014 4495 Num

517 4534 592 4597 huic
615 4533 719 4614 generi
741 4533 785 4594 ita
807 4531 1007 4614 propriassit,
1029 4539 1065 4590 ut
1087 4525 1231 4591 Peloriae
1254 4527 1471 4590 Antirrbinis?

1021 4782 1333 4813 ψ
