4740 5626
927 527 1443 623 ...mm-...-

514 721 648 792 Planta
674 716 829 803 haecce,
873 741 969 814 quae
994 733 1194 813 tantopere
1219 714 1261 801 in
1289 713 1438 786 deliciis
1465 730 1522 788 eet
1546 730 1586 787 et
1619 711 1661 786 in
1683 713 1805 792 mnia
1830 716 2026 799 coloribus

346 868 425 944 sere
453 869 633 943 omnibus
661 885 795 942 ornata
821 846 994 967 apparet,
1024 854 1234 967 epo'ntanea
1261 866 1380 940 ssavos
1406 891 1555 966 semper
1579 866 1678 966 gerit
1709 864 1831 942 florea.
1885 876 1931 943 In
1958 880 2033 947 Eu·

345 1047 461 1118 ropac
492 1020 756 1093 meridionalis
790 1021 938 1117 alpibus
968 1021 1070 1094 haud
1104 1019 1345 1118 infrequens,
1387 1020 1613 1115 plerumque
1637 1017 1690 1127 ’in
1724 1021 1886 1116 rupibus
1913 1023 2028 1101 aridis

347 1162 533 1258 occurrit3
569 1171 689 1243 rarius
717 1172 760 1243 in
786 1173 903 1268 pratia
929 1173 1100 1244 humidis
1126 1160 1327 1270 planitiei(
1376 1172 1496 1246 Foliis
1522 1169 1661 1268 gaudet
1686 1172 1804 1245 morlo
1831 1172 2030 1273 integerri-

343 1325 437 1410 mia;
474 1325 603 1396 moda
623 1325 709 1418 plus
747 1322 928 1396 minusue
962 1323 1122 1414 serratis.
1192 1324 1306 1423 Quod
1338 1323 1492 1422 insigne
1526 1339 1564 1392 et
1599 1320 1825 1395 incredibile
1854 1322 1932 1395 fere
1959 1341 2028 1412 ear,

345 1472 418 1546 etei
451 1474 693 1569 botanophili
730 1473 886 1568 quidam
928 1492 965 1545 et
993 1480 1181 1546 Mannum
1217 1475 1398 1548 Lexicon‘
1416 1474 1710 1546 herculanarum
1744 1472 1786 1544 id
1821 1472 2027 1564 affirment,

349 1623 493 1720 species
527 1640 658 1697 nostra
694 1625 841 1696 cultura
872 1626 1078 1698 umbellam
1115 1648 1331 1715 roo-127
1362 1625 1473 1698 lloree
1501 1639 1695 1723 gerentem
1720 1623 1875 1720 profert.
1929 1625 2029 1699 Dili·
2073 1716 2077 1727 ι

348 1774 458 1874 genti
495 1795 583 1846 cura
619 1774 662 1844 in
701 1775 850 1870 optimo
889 1777 1091 1850 hortorum
1124 1778 1244 1850 humo
1282 1778 1481 1864 omnium,
1537 1798 1634 1871 quae
1667 1777 1854 1850 culturam
1886 1776 2027 1867 ferunt,

344 1900 560 2023 plantarum
591 1924 915 1999 inflorescentiam
940 1928 1050 2001 valde
1074 1930 1203 2028 augeri
1228 1954 1360 2025 posse,
1393 1928 1526 2028 negari
1552 1953 1635 1999 non
1663 1944 1792 2024 potest
1817 1928 1948 2020 (sicuti
1970 1936 2029 2002 Pr.

334 2041 612 2179 'integrifoliae‚
638 2104 733 2176 quae
761 2096 971 2174 spontanea
999 2080 1163 2154 uniflora
1192 2106 1260 2155 seu
1288 2081 1423 2155 bifiora
1448 2080 1651 2178 reperitur,
1692 2080 1902 2173 specimina
1930 2082 2032 2159 culta

271 2322 273 2326 ‚
343 2251 438 2306 octo·
462 2235 524 2303 vel
554 2246 697 2304 novem
726 2229 836 2303 flores
864 2232 1031 2329 gerentia
1062 2232 1160 2302 mihi
1186 2233 1458 2320 occurrerunt)
1488 2245 1526 2300 ct
1550 2244 1751 2323 propterea
1777 2230 1861 2326 ipae
1888 2226 2033 2304 florum

344 2374 528 2458 numerus
555 2381 599 2452 in
626 2380 704 2449 ulla
733 2379 857 2450 nostri
884 2383 1032 2478 generis
1057 2384 1181 2478 specie
1208 2380 1324 2453 statui
1344 2381 1459 2453 'nullo
1491 2365 1608 2451 mado
1635 2397 1776 2475 potest.

370 2547 375 2557 .
414 2589 426 2625 ²
461 2543 472 2653 'a
513 2579 722 2654 Primulam
755 2582 932 2655 villosam
960 2607 1036 2654 var.
1062 2577 1090 2668 β
1117 2581 1228 2657 nivea
1256 2583 1299 2653 in
1337 2589 1527 2655 Cunrrsu
1566 2582 1824 2677 Promptuarii
1859 2583 2034 2661 botaniei

345 2735 438 2809 Tab.
470 2731 561 2804 ιι6ι
595 2733 825 2806 delineatam
852 2734 1062 2806 auriculam
1090 2756 1180 2819 esse,
1208 2732 1309 2804 vivis
1336 2732 1633 2828 speciminibus,
1661 2758 1757 2831 quae
1783 2737 1924 2830 partim
1952 2736 2031 2811 ico·

249 2966 252 2971 ,
345 2911 439 2960 nem
466 2885 630 2958 omnino
655 2904 837 2985 aequant,
872 2888 1011 2983 partim
1040 2883 1223 2975 majorem
1253 2854 1341 2954 cum
1368 2882 1535 2957 a'uricula
1562 2872 1782 2959 affinitatem
1808 2890 2029 2977 ostendunt,

349 3062 571 3138 persuasum
598 3037 731 3111 habco.
785 3044 883 3109 Cum
907 3038 1008 3132 apud
1034 3037 1258 3145 hortulanus
1281 3002 1532 3107 meiceriarioe
1551 3024 1733 3134 Anglierie
1756 3063 1880 3113 sermo
1906 3040 1958 3114 ait
1984 3040 2032 3112 dc

349 3196 410 3266 Pr.
432 3187 573 3260 nivali:
600 3189 826 3282 plerumque
854 3187 988 3258 haecce
1013 3185 1202 3258 auriculae
1225 3166 1385 3258 varietas
1412 3170 1651 3284 intelligiiur.
1705 3193 1821 3265 Dom.
1839 3195 1906 3263 Dr.
1929 3197 2031 3264 snm

352 3338 395 3412 in
423 3337 680 3433 descriptione
709 3336 824 3408 huius
847 3336 1039 3410 varietatis
1067 3339 1109 3409 in
1137 3336 1306 3409 botanici
1335 3337 1394 3408 sui
1421 3315 1676 3433 preruptuarii
1702 3320 1794 3411 Tab.
1826 3347 1933 3417 1161.
1970 3351 2029 3419 Pr.

350 3466 521 3569 nivalem
547 3488 650 3564 horti
684 3487 857 3564 botanici
883 3490 1206 3595 cantabrigiensis
1240 3490 1345 3564 haud
1373 3474 1669 3567 diversam'eaae
1698 3470 1910 3569 canlirmat.
