4740 5626
1029 455 1537 549 *gg-..-

548 665 704 744 Habitat
729 665 773 738 in
800 663 948 762 alpibus
975 660 1176 735 altissimis·
1196 666 1370 758 Europae
1395 659 1583 750 australis,
1602 683 1763 760 quarum
1789 661 1986 737 cacumina
2012 685 2126 761 supra

730 814 899 889 limitem
931 813 1100 886 nivalem
1136 814 1352 901 elevantur,
1406 814 1625 912 frequenter
1657 838 1739 888 sese
1774 817 1897 887 elevat
1929 813 2031 887 inter
2066 816 2129 885 ni·

734 990 801 1042 ves
831 987 1016 1062 perennes
1061 987 1183 1062 usque
1234 963 1282 1063 ad
1335 983 1436 1054 7500
1476 966 1563 1062 ped.
1606 989 1685 1062 par.
1724 964 1970 1040 altitudinem
2011 987 2125 1062 supra

739 1124 853 1191 mare'.
883 1127 926 1203 u.
970 1118 1028 1223 (u,
1037 1126 1095 1202 v.)

616 1242 740 1347 Radix
766 1268 934 1342 crassitie
960 1292 1110 1366 pennae
1135 1267 1333 1343 anserinae
1365 1282 1405 1339 et
1429 1267 1550 1354 ultra,
1607 1291 1676 1362 per
1697 1282 1858 1341 aetatem
1884 1265 2125 1367 nigrescens:

448 1430 553 1508 libris
581 1422 731 1500 albidis
783 1419 889 1494 Folia
916 1419 1189 1506 cuneiformia,
1218 1420 1541 1549 unguicularia,
1527 1445 1572 1492 tn
1597 1421 1744 1494 rosulas
1773 1422 1952 1506 collecta,
1981 1421 2126 1518 glaber·

349 1683 354 1692 Ι
447 1559 556 1669 rima,
584 1575 726 1661 nitida,
755 1571 931 1660 coriacea
958 1571 1065 1669 apice
1089 1569 1283 1669 profunde
1310 1540 1484 1647 dentata:
1473 1573 1688 1647 0dentibus
1717 1571 1848 1645 acutis.
1901 1576 2041 1669 Seapus
2058 1571 2126 1671 ob·

448 1742 568 1815 solete
594 1722 837 1825 triangularis
875 1720 982 1795 foliis
1011 1721 1186 1809 brevior,
1237 1721 1449 1811 unillorus,
1504 1724 1625 1798 rarius
1651 1722 1822 1796 billorus.
1875 1723 2125 1797 Involucrum

449 1879 836 1978 submonopbyllum,
864 1875 1097 1972 oblongum,
1122 1876 1351 1971 paleaceum.
1404 1874 1525 1967 calyx
1551 1877 1773 1961 tubulosus,
1827 1873 2097 1971 quinquefidus
2112 1867 2160 1975 ε’Ι

404 2047 407 2053 ’
445 2041 598 2120 laciniis
626 2026 842 2107 rotundatis
869 2023 1066 2109 brevibus,
1093 2021 1254 2098 obtusis.
1285 2026 1437 2098 Corolla
1464 2050 1598 2099 carnea
1625 2008 1860 2113 subsessilis,
1887 2051 1997 2125 saepe
2024 2051 2127 2126 mag·

449 2191 630 2269 nitudine
652 2184 773 2258 totius
800 2183 972 2277 plantaea
1001 2172 1050 2245 ad
1076 2172 1227 2249 faucem
1253 2175 1358 2250 villis
1385 2175 1545 2250 albidis:
1594 2178 1717 2251 limbo
1742 2195 1920 2274 patente:
1971 2178 2128 2253 laciniis

450 2337 696 2422 semibilidis,
724 2338 755 2402 ‘r
781 2344 959 2430 graecum
983 2314 1248 2400 referentibus.
1312 2331 1472 2426 Capsula
1505 2302 1772 2416 obtusissima,
1808 2327 1944 2405 nitida.
1996 2314 2128 2403 Dens'e

450 2490 652 2568 crescitur
679 2482 861 2580 cespitem
897 2479 1050 2552 formet.

615 2636 843 2712 varietatem
867 2628 1026 2704 sautu
1052 2628 1169 2716 arta,
1195 2620 1309 2705 rimu
1335 2629 1488 2703 tessara
1515 2608 1799 2719 aaronem,
1827 2649 1867 2704 a
1897 2628 2129 2732 ingrauare·

448 2800 521 2874 bus
529 2850 540 2885 ,
569 2791 613 2865 in
635 2788 786 2887 alpibus
813 2782 993 2879 Styriacis
1022 2795 1059 2851 et
1090 2781 1368 2872 Tyrolensibus
1402 2782 1490 2882 legi.

468 3046 472 3053 Ι
541 2922 545 2929 ’
612 2942 772 3017 Pulchra
798 2938 933 3009 haecce
960 2930 1137 3030 plantula
1160 2933 1204 3005 in
1231 2935 1393 3008 summis
1421 2933 1571 3030 alpibus
1601 2951 1640 3007 et
1659 2934 1703 3007 in
1724 2934 1810 3035 ipso
1830 2934 2004 3034 perpetui
2021 2922 2129 3006 niv-id

448 3100 617 3198 margine
642 3088 786 3166 crescit.
802 3078 806 3087 ’
838 3085 986 3181 Magni,
1012 3082 1141 3154 carnei
1163 3083 1303 3153 coloris
1327 3082 1437 3153 flores
1464 3086 1718 3177 (proptereaa
1741 3088 1977 3183 quarundam
2001 3085 2124 3183 regio·

450 3277 549 3329 num
578 3240 801 3320 monticolis
836 3236 965 3306 rosula
1004 3228 1144 3303 nivalis
1184 3232 1367 3322 vocatur)
1409 3248 1449 3304 et
1483 3230 1668 3345 juvenilis
1703 3236 1889 3313 foliorum
1929 3241 2037 3313 color
2080 3238 2125 3309 in

453 3427 553 3511 7ooo
578 3433 631 3456 -·
660 3413 763 3482 3000
788 3385 931 3484 pedum
957 3374 1198 3458 altitudine
1185 3395 1287 3452 anter
1308 3382 1481 3481 glaciales
1500 3409 1654 3484 campos
1673 3405 1713 3462 et
1731 3392 1942 3463 eminentes
1967 3389 2126 3486 rapiunt

451 3556 587 3654 apices,
612 3568 709 3647 quae
732 3560 875 3640 panem
900 3552 1052 3610 tantum
1067 3528 1253 3608 Liche'nes
1275 3558 1385 3631 parce
1399 3536 1518 3622 alunt,
1543 3539 1689 3613 laetum
1709 3532 1864 3637 praebet
1889 3542 2121 3638 adspectum

449 3708 621 3789 Videtur,
667 3699 839 3792 plantam
873 3688 917 3761 in
952 3689 1056 3762 hisce
1099 3686 1347 3761 solummodo
1382 3689 1492 3761 tenui
1523 3693 1672 3763 aethere
1712 3694 1869 3790 repletis
1903 3692 2126 3792 regionibus

451 3868 549 3937 laete
572 3853 700 3950 vigere
723 3866 845 3942 posse.
899 3839 1075 3936 Plerique
1109 3808 1298 3910 culturam
1321 3836 1459 3913 frustra
1481 3841 1609 3913 conati
1627 3858 1732 3917 sunt.
1784 3825 1945 3916 cuano
1975 3848 2130 3917 denen

455 4029 600 4089 oraro,
635 3992 843 4111 professori
869 3991 973 4089 apud
999 3992 1183 4115 Halenses
1211 3989 1459 4065 celeberrimo
1493 3989 1678 4091 contigit:
1730 4009 1776 4063 ut
1801 3992 1983 4091 quaedam
2019 4017 2039 4065 e
2062 3998 2131 4067 Su

455 4158 553 4234 detis
579 4149 777 4225 montibus
804 4143 975 4244 profecta
1002 4142 1212 4240 specimina
1236 4168 1304 4242 per
1331 4143 1459 4240 plures
1486 4165 1609 4216 annos
1638 4143 1681 4215 in
1709 4150 1820 4225 horto
1847 4160 2033 4232 servaret,
2060 4137 2141 4221 ubi.

455 4311 537 4406 ipsc
563 4301 734 4404 rigentia
760 4298 853 4377 vidi.
907 4295 1074 4372 Varietaa
1107 4294 1199 4370 flore
1224 4295 1315 4371 albo
1337 4316 1492 4393 perraro
1519 4296 1694 4372 occurrit.
