4740 5626
448 715 565 789 tubus
593 712 826 809 cylindricus
855 711 980 803 calyce
1005 708 1122 833 dupla
1147 707 1321 807 longior3
1364 709 1507 815 limbus
1536 707 1807 817 quinquelidus
1837 709 1994 808 planus3
2029 708 2127 806 ,laci-
2156 758 2170 790 s

448 870 525 942 nils
554 868 785 954 obcordatis,
809 840 1088 947 obtusissimis{
1107 845 1391 959 marginatis,
1417 846 1599 958 ¹margine
1619 854 1827 947 in'volutis3
1850 859 1953 933 faux
1979 865 2125 935 annulo

448 1021 731 1116 pulverulento.
784 1002 926 1090 Flores⁴
943 1032 1032 1117 aute
1058 991 1322 1086 evolutionem
1349 1003 1780 1110 p'arum'pulverulenti.
1835 1016 2018 1099 Ovarium
2045 1015 2126 1113 glo·

448 1155 589 1245 bosum'
612 1152 804 1257 nitidum,
822 1151 1061 1261 receptaculo
1091 1150 1373 1236 subincra'ssato
1394 1151 1580 1238 insidens.
1623 1149 1793 1262 >Caps'ule
1823 1158 2000 1263 glebosa.
2064 1232 2072 1243 .

430 1412 434 1421 ·
498 1367 503 1377 ⁸
550 1351 554 1355 ,
599 1375 656 1450 ‘Si
680 1373 748 1471 qui
778 1372 868 1459 sint,
896 1369 964 1467 qui
990 1368 1245 1443 contendenti
1271 1360 1478 1444 nonnullas
1495 1360 1648 1467 plantas
1662 1369 1779 1444 variis
1802 1370 2009 1474 momentis
2027 1386 2122 1443 tem·
2205 1371 2210 1378 ’

446 1524 629 1623 porisque
656 1523 942 1624 longinquitate
968 1520 1083 1590 hodie
1106 1537 1184 1591 tam
1210 1519 1403 1593 diversum
1431 1523 1651 1621 assumsisse
1676 1521 1850 1625 habitum
1877 1542 1922 1594 ut
1949 1524 2125 1619 propriae

409 1701 414 1712 ’
447 1676 590 1772 'species
625 1674 911 1760 existimentur,
951 1673 1086 1744 haecce
1112 1689 1243 1787 nostra
1271 1671 1442 1769 ilalinuri
1467 1675 1735 1769 promontorio
1770 1674 1923 1768 propria
1954 1675 2124 1747 Primula

447 1825 495 1899 ab
533 1802 727 1917 illis'jure
764 1826 839 1896 huc
873 1821 1003 1896 referri
1039 1840 1176 1927 petest.
1230 1822 1359 1895 Primo
1401 1824 1556 1919 quidem
1588 1825 1735 1897 intuitu
1764 1822 1919 1900 caudice
1952 1851 2119 1911 ramese,

446 1970 596 2074 saepius
619 1976 734 2047 valde
761 1977 939 2075 elongato
966 1978 1012 2050 ab
1040 1968 1206 2050 auricula
1230 1977 1305 2048 late
1330 1966 1482 2046 differre
1507 1974 1671 2062 videtum
1707 1980 1832 2054 nihilo
1850 1981 1978 2053 minus
1993 1996 2122 2049 tamen

446 2126 607 2199 illitam
636 2127 851 2223 propinqua
880 2146 957 2214 est,
992 2147 1054 2215 ut,
1091 2128 1171 2199 nisi
1200 2126 1479 2226 essentialibus,
1514 2155 1586 2225 nec
1615 2132 1687 2201 ulli
1714 2131 1879 2224 amplius
1912 2127 2122 2201 mutationi

446 2278 627 2370 subjectis
651 2277 755 2348 notis
783 2279 863 2346 sese
890 2273 1158 2408 distingueret,
1183 2278 1322 2345 hancce
1350 2277 1527 2347 omnium
1551 2279 1718 2373 partium
1742 2278 2027 2405 elongationem
2049 2302 2121 2375 pro
2182 2301 2185 2305 ·

446 2454 550 2502 mera
577 2426 741 2531 climatis
766 2388 890 2505 felicis
894 2428 1068 2523 sequela
1104 2425 1339 2543 habuissem.
1384 2427 1493 2498 Sed
1482 2453 1523 2498 ιιι
1553 2427 1667 2500 variis
1703 2424 1824 2501 bortis
1852 2429 2036 2501 seminata
2063 2455 2122 2503 ea-

447 2555 537 2654 dent
559 2603 713 2676 quoque
741 2600 888 2671 semper
914 2595 1060 2664 manet,
1096 2592 1134 2647 et
1160 2532 1348 2663 Viennae,
1387 2576 1454 2645 ubi
1480 2583 1538 2648 Pr.
1568 2577 1736 2648 auricula
1761 2578 1979 2673 frequenter
2005 2605 2121 2675 spon·

446 2748 557 2805 tanea
582 2729 781 2829 provenit,
815 2729 858 2800 in
894 2730 1007 2801 horto
1032 2728 1291 2802 universitatis
1325 2736 1447 2799 aerem
1473 2724 1570 2799 ferre
1601 2726 1854 2802 nullo'modo
1880 2730 2020 2828 potuit.
2072 2737 2131 2811 Iu⁴

447 2842 617 2995 sandicis
643 2879 888 2977 elongatione
922 2900 961 2952 et
993 2882 1177 2953 foliorum
1206 2877 1288 2965 'situ
1313 2881 1442 2975 planta
1476 2878 1715 2952 luxuriosum
1747 2881 2036 2977 sempervivuin
2062 2907 2117 2954 er·

404 3120 407 3124 Ι
447 3035 607 3108 boreum
633 3033 712 3104 fere
738 3032 931 3104 mentitur.
988 3032 1112 3101 caulis
1137 3018 1246 3124 saepe
1272 3052 1442 3098 ramosus
1467 3053 1537 3123 pro
1565 3017 1718 3102 caudice
1741 3033 1858 3106 modo
1885 3050 2132 3131 assumaturs
2199 3100 2202 3105 .

449 3199 505 3253 et:
541 3179 654 3271 hujus
688 3179 835 3274 generis
872 3177 1165 3250 ranrificationes
1198 3176 1297 3247 baud
1332 3201 1415 3250 raro
1443 3181 1514 3251 sub
1543 3198 1637 3255 terra
1665 3183 1821 3321 gignere
1854 3203 1892 3258 et
1928 3205 1971 3259 ut
1994 3209 2117 3260 novae

446 3333 640 3440 plantulae
667 3328 913 3431 provenire,
926 3325 1168 3402 formatio'
1135 3353 1215 3420 elus
1244 3348 1371 3426 aperto
1396 3335 1634 3408 monstrabit.
1695 3333 1818 3413 Atiae
1815 3314 2012 3439 quaedam
2037 3343 2116 3416 Pri·

448 3485 586 3577 mulae,
613 3506 649 3559 v
679 3506 710 3560 c.
735 3479 956 3584 marginata,
986 3446 1184 3581 analogam
1211 3483 1421 3556 ostendunt
1445 3500 1638 3563 naturam.
